@book{acmv2n2,
    author    = "Roy T. Fielding and Richard N. Taylor",
    title     = "ACM Transactions on Internet Technology (TOIT)",
    year      = "2002",
    publisher = "ACM",
    volume    = "2",
    number    = "2",
    address   = "University of California, Irvine",
    note      = "\url{http://www.ics.uci.edu/~taylor/documents/2002-REST-TOIT.pdf}"
}

@Misc{RFC6570,
    author    = "J. Gregorio and R. Fielding and M. Hadley and M. Nottingham and D. Orchard",
    title     = "{RFC 6570}: {URI Template}",
    year      = "2012",
    note      = "\url{https://tools.ietf.org/html/rfc6570}",
}
